@Article{Matthe+Ringel+Skiera:2023,
   author = {Matthe, Maximilian and Ringel, Daniel M and Skiera, Bernd},
   title = {Mapping market structure evolution},
   journal = {Marketing Science},
   volume = {42},
   number = {3},
   pages = {589-613},
   ISSN = {0732-2399},
   year = {2023}
}

@Book{Carroll+Arabie:1998,
   author = {Carroll, J Douglas and Arabie, Phipps},
   title = {Multidimensional scaling},
   Booktitle = {HandBook of Perception and Cognition: Vol 3. Measurement, Judgment and Decision Making},
   publisher = {Academic Press},
   address = {San Diego, CA},
   pages = {179-250},
   DOI = {https://doi.org/10.1016/B978-012099975-0.50005-1},
   year = {1998}
}

@Article{Sammon:1969,
   author = {Sammon, John W},
   title = {A nonlinear mapping for data structure analysis},
   journal = {IEEE Transactions on Computers},
   volume = {100},
   number = {5},
   pages = {401-409},
   ISSN = {0018-9340},
   year = {1969}
}

@Article{van-der-Maaten+Hinton:2008,
   author = {van der Maaten, Laurens and Hinton, Geoffrey},
   title = {Visualizing data using t-SNE},
   journal = {Journal of Machine Learning Research},
   volume = {9},
   number = {11},
   ISSN = {1532-4435},
   year = {2008}
}

@Article{Saeed+etal:2019,
   author = {Saeed, Nasir and Nam, Haewoon and Al-Naffouri, Tareq Y and Alouini, Mohamed-Slim},
   title = {A state-of-the-art survey on multidimensional scaling-based localization techniques},
   journal = {IEEE Communications Surveys \& Tutorials},
   volume = {21},
   number = {4},
   pages = {3565-3583},
   ISSN = {1553-877X},
   year = {2019}
}

@Book{DeSarbo+Manrai+Manrai:1994,
   author = {DeSarbo, Wayne S and Manrai, Ajay K and Manrai, Lalita A},
   title = {Latent class multidimensional scaling. A review of recent developments in the marketing and psychometric literature},
   Booktitle = {Advanced Methods of Marketing Research},
   publisher = {Blackwell},
   address = {Oxford},
   pages = {190-222},
   year = {1994}
}

@Article{Goodwill+Alasdair+Meloy:2019,
   author = {Goodwill, Alasdair and Meloy, J Reid},
   title = {Visualizing the relationship among indicators for lone actor terrorist attacks: Multidimensional scaling and the TRAP-18},
   journal = {Behavioral Sciences \& the Law},
   volume = {37},
   number = {5},
   pages = {522-539},
   ISSN = {0735-3936},
   year = {2019}
}

@Article{Hebart+Zheng+Pereira+Baker:2020,
   author = {Hebart, Martin N and Zheng, Charles Y and Pereira, Francisco and Baker, Chris I},
   title = {Revealing the multidimensional mental representations of natural objects underlying human similarity judgements},
   journal = {Nature Human Behaviour},
   volume = {4},
   number = {11},
   pages = {1173-1185},
   ISSN = {2397-3374},
   year = {2020}
}

@Article{Kenkel+Orloci:1986,
   author = {Kenkel, Norm C and Orlóci, Laszlo},
   title = {Applying metric and nonmetric multidimensional scaling to ecological studies: Some new results},
   journal = {Ecology},
   volume = {67},
   number = {4},
   pages = {919-928},
   ISSN = {1939-9170},
   year = {1986}
}

@Article{Mane+Boerner:2004,
   author = {Mane, Ketan K and Börner, Katy},
   title = {Mapping topics and topic bursts in PNAS},
   journal = {Proceedings of the National Academy of Sciences},
   volume = {101},
   pages = {5287-5290},
   ISSN = {0027-8424},
   year = {2004}
}

@Article{Jacoby+Armstrong:2014,
   author = {Jacoby, William G and Armstrong, David A},
   title = {Bootstrap confidence regions for multidimensional scaling solutions},
   journal = {American Journal of Political Science},
   volume = {58},
   number = {1},
   pages = {264-278},
   ISSN = {0092-5853},
   year = {2014}
}

@Article{Pedregosa+etal:2011,
   author = {Pedregosa, Fabian and Varoquaux, Gaël and Gramfort, Alexandre and Michel, Vincent and Thirion, Bertrand and Grisel, Olivier and Blondel, Mathieu and Prettenhofer, Peter and Weiss, Ron and Dubourg, Vincent},
   title = {Scikit-learn: Machine learning in Python},
   journal = {Journal of Machine Learning Research},
   volume = {12},
   pages = {2825-2830},
   ISSN = {1532-4435},
   year = {2011}
}

@Misc{Perera:2023,
   author = {Perera, Dilan},
   title = {Sammon Mapping},
   year = {2023}
}

@Article{McInnes+Healy+Melville:2018,
   author = {McInnes, Leland and Healy, John and Melville, James},
   title = {Umap: Uniform manifold approximation and projection for dimension reduction},
   journal = {arXiv preprint arXiv:1802.03426},
   year = {2018}
}

@Book{Venables+Ripley:2002,
   author = {Venables, William N and Ripley, Brian D},
   title = {Modern applied statistics with S},
   publisher = {Springer},
   address = {New York},
   ISBN = {1475731213},
   year = {2002}
}

@Article{DeLeeuw+Mair:2009,
   author = {De Leeuw, Jan and Mair, Patrick},
   title = {Multidimensional scaling using majorization: SMACOF in R},
   journal = {Journal of Statistical Software},
   volume = {31},
   number = {3},
   pages = {1-30},
   ISSN = {1548-7660},
   year = {2009}
}

@Article{Mair+Groenen+DeLeeuw:2022,
   author = {Mair, Patrick and Groenen, Patrick JF and de Leeuw, Jan},
   title = {More on multidimensional scaling and unfolding in R: Smacof version 2},
   journal = {Journal of Statistical Software},
   volume = {102},
   number = {10},
   pages = {1-47},
   ISSN = {1548-7660},
   year = {2022}
}

@Misc{Krijthe:2015,
   author = {Krijthe, Jesse H.},
   title = {Rtsne: T-distributed stochastic neighbor embedding using barnes-hut implementation},
   year = {2015}
}

@misc{Oksanen+etal:2022,
   author = {Oksanen, Jari and Simpson, Gavin L. and Blanchet, F. Guillaume and Kindt, Roeland and Legendre, Pierre and Minchin, Peter R. and O'Hara, R.B. and Solymos, Peter and Henry, M. and Stevens, H. and Szoecs, Eduard and Wagner, Helene and Barbour, Matt and Bedward, Michael and Bolker, Ben and Borcard, Daniel and Carvalho, Gustavo and Chirico, Michael and Caceres, Miquel De and Durand, Sebastien and Beatriz, Heloisa and Evangelista, Antoniazi and FitzJohn, Rich and Friendly, Michael and Furneaux, Brendan and Hannigan, Geoffrey and Hill, Mark O. and Lahti, Leo and McGlinn, Dan and Ouellette, Marie-Helene and Cunha, Eduardo Ribeiro and Smith, Tyler and Stier, Adrian and Braak, Cajo J.F. Ter and Weedon, James},
   title = {Vegan: Community ecology package},
   year = {2022}
}

@Article{Goslee+Urban:2007,
   author = {Goslee, Sarah C and Urban, Dean L},
   title = {The ecodist package for dissimilarity-based analysis of ecological data},
   journal = {Journal of Statistical Software},
   volume = {22},
   number = {7},
   pages = {1-19},
   ISSN = {1548-7660},
   year = {2007}
 }

@Article{Le+Husson:2008,
   author = {Le, Sebastien and Husson, Francois},
   title = {SensoMineR: A package for sensory data analysis},
   journal = {Journal of Sensory Studies},
   volume = {23},
   number = {1},
   pages = {14-25},
   year = {2008}
}

@book{Borg+Groenen:2005,
   author = {Borg, Ingwer and Groenen, Patrick JF},
   title = {Modern multidimensional scaling: Theory and applications},
   publisher = {Springer Science \& Business Media},
   address = {New York, NY},
   edition = {2.},
   ISBN = {0387251502},
   year = {2005}
}

@Article{DeSarbo+Hoffman:1987,
   author = {DeSarbo, Wayne S and Hoffman, Donna L},
   title = {Constructing MDS joint spaces from binary choice data: A multidimensional unfolding threshold model for marketing research},
   journal = {Journal of Marketing Research},
   volume = {24},
   number = {1},
   pages = {40-54},
   ISSN = {0022-2437},
   year = {1987}
}

@Article{Ringel+Skiera:2016,
   author = {Ringel, Daniel M and Skiera, Bernd},
   title = {Visualizing asymmetric competition among more than 1,000 products using big search data},
   journal = {Marketing Science},
   volume = {35},
   number = {3},
   pages = {511-534},
   ISSN = {0732-2399},
   year = {2016}
}

@Book{Torgerson:1958,
   author = {Torgerson, Warren S},
   title = {Theory and methods of scaling},
   publisher = {John Wiley},
   address = {New York, NY},
   year = {1958}
}


@Article{Shepard:1962a,
   author = {Shepard, Roger N},
   title = {The analysis of proximities: Multidimensional scaling with an unknown distance function. I},
   journal = {Psychometrika},
   volume = {27},
   number = {2},
   pages = {125-140},
   ISSN = {0033-3123},
   year = {1962}
}

@Article{Shepard:1962b,
   author = {Shepard, Roger N},
   title = {The analysis of proximities: Multidimensional scaling with an unknown distance function. II},
   journal = {Psychometrika},
   volume = {27},
   number = {3},
   pages = {219-246},
   ISSN = {0033-3123},
   year = {1962}
}

@Article{Richardson:1938,
   author = {Richardson, M. W},
   title = {Multidimensional Psychophysics},
   journal = {Psychological Bulletin},
   volume = {35},
   pages = {659},
   year = {1938}
}

@Article{Kruskal:1964b,
   author = {Kruskal, Joseph B},
   title = {Nonmetric multidimensional scaling: A numerical method},
   journal = {Psychometrika},
   volume = {29},
   number = {2},
   pages = {115-129},
   ISSN = {0033-3123},
   year = {1964}
}

@Article{Kruskal:1964a,
   author = {Kruskal, Joseph B},
   title = {Multidimensional scaling by optimizing goodness of fit to a nonmetric hypothesis},
   journal = {Psychometrika},
   volume = {29},
   number = {1},
   pages = {1-27},
   ISSN = {0033-3123},
   year = {1964}
}

@Article{Carroll+Chang:1970,
   author = {Carroll, J Douglas and Chang, Jih-Jie},
   title = {Analysis of individual differences in multidimensional scaling via an N-way generalization of “Eckart-Young” decomposition},
   journal = {Psychometrika},
   volume = {35},
   number = {3},
   pages = {283-319},
   ISSN = {0033-3123},
   year = {1970}
}


@Article{Chen+Buja:2009,
   author = {Chen, Lisha and Buja, Andreas},
   title = {Local multidimensional scaling for nonlinear dimension reduction, graph drawing, and proximity analysis},
   journal = {Journal of the American Statistical Association},
   volume = {104},
   number = {485},
   pages = {209-219},
   ISSN = {0162-1459},
   year = {2009}
}

@Article{Hoberg+Phillips:2016,
   author = {Hoberg, Gerard and Phillips, Gordon},
   title = {Text-based network industries and endogenous product differentiation},
   journal = {Journal of Political Economy},
   volume = {124},
   number = {5},
   pages = {1423-1465},
   ISSN = {0022-3808},
   year = {2016}
}

@Article{Gower:1975,
   author = {Gower, John C},
   title = {Generalized procrustes analysis},
   journal = {Psychometrika},
   volume = {40},
   number = {1},
   pages = {33-51},
   ISSN = {0033-3123},
   year = {1975}
}